@online{site:tabris,
	title = {Tabris.js},
	url   = {https://tabrisjs.com/}
}

@online{site:native-script,
	title = {NativeScript},
	url   = {https://www.nativescript.org/}
}

@online{site:react-native,
	title = {React Native},
	url   = {https://facebook.github.io/react-native/}
}

@online{site:flux,
	title = {Flux},
	url   = {http://facebook.github.io/flux/}
}

@online{site:atom,
	title = {Atom},
	url   = {https://atom.io}
}

@online{site:nuclide,
	title = {Nuclide},
	url   = {http://nuclide.io}
}

@online{site:flow,
	title = {Flow},
	url   = {http://flowtype.org/}
}

@online{site:jest,
	title = {Jest},
	url   = {https://facebook.github.io/jest/}
}

@online{site:usereactnative,
	title = {Use React Native},
	url   = {http://www.reactnative.com/}
}

@online{site:reactparts,
	title = {React Parts},
	url   = {https://react.parts/native-ios}
}

@online{site:tabrisworks,
	title = {Apache Cordova vs. Tabris.js},
	url   = {http://eclipsesource.com/blogs/2015/03/02/apache-cordova-vs-tabris-js/}
}

@online{site:nativescriptworks,
	title = {How NativeScript Works},
	url   = {http://developer.telerik.com/featured/nativescript-works/}
}

@online{site:smartanddubm,
	title = {React Native: Smart and Dumb components},
	url   = {https://medium.com/@dan_abramov/smart-and-dumb-components-7ca2f9a7c7d0}
}
